Automatically generated by Mendeley 1.0.1
Any changes to this file will be lost if it is regenerated by Mendeley.

@inproceedings{Dalal2005,
author = {Dalal, N. and Triggs, B.},
booktitle = {CVPR},
doi = {10.1109/CVPR.2005.177},
file = {:Users/sergeyk/Dropbox/Application\_Data/Mendeley2/Dalal, Triggs/2005/Dalal, Triggs - 2005 - Histograms of Oriented Gradients for Human Detection.pdf:pdf},
isbn = {0-7695-2372-2},
pages = {886--893},
publisher = {Ieee},
title = {{Histograms of Oriented Gradients for Human Detection}},
url = {http://ieeexplore.ieee.org/lpdocs/epic03/wrapper.htm?arnumber=1467360},
year = {2005}
}
@article{Lowe2004,
author = {Lowe, David G.},
doi = {10.1023/B:VISI.0000029664.99615.94},
file = {:Users/sergeyk/Dropbox/Application\_Data/Mendeley2/Lowe/2004/Lowe - 2004 - Distinctive Image Features from Scale-Invariant Keypoints.pdf:pdf},
issn = {0920-5691},
journal = {International Journal of Computer Vision},
keywords = {image matching,invariant features,object recognition,scale invariance},
month = nov,
number = {2},
pages = {91--110},
title = {{Distinctive Image Features from Scale-Invariant Keypoints}},
url = {http://www.springerlink.com/openurl.asp?id=doi:10.1023/B:VISI.0000029664.99615.94},
volume = {60},
year = {2004}
}
@inproceedings{Sun2010,
author = {Sun, Min and Bradski, Gary and Xu, Bing-Xin and Savarese, Silvio},
booktitle = {ECCV},
title = {{Depth-Encoded Hough Voting for Joint Object Detection and Shape Recovery}},
year = {2010}
}
@inproceedings{Shilane2004,
address = {Genova, Italy},
author = {Shilane, Philip and Min, Patrick and Kazhdan, Michael and Funkhouser, Thomas},
booktitle = {Shape Modeling International},
file = {:Users/sergeyk/Dropbox/Application\_Data/Mendeley2/Shilane et al/2004/Shilane et al. - 2004 - The Princeton Shape Benchmark.pdf:pdf},
keywords = {benchmarks,database,geometric matching,shape,shape retrieval},
title = {{The Princeton Shape Benchmark}},
volume = {08540},
year = {2004}
}
@inproceedings{Gould2008,
author = {Gould, Stephen and Baumstarck, Paul and Quigley, Morgan and Ng, Andrew Y and Koller, Daphne},
booktitle = {In ECCV workshop on Multi-camera and Multi-modal Sensor Fusion Algorithms and Applications},
file = {:Users/sergeyk/Dropbox/Application\_Data/Mendeley2/Gould et al/2008/Gould et al. - 2008 - Integrating Visual and Range Data for Robotic Object Detection.pdf:pdf},
keywords = {printed},
mendeley-tags = {printed},
title = {{Integrating Visual and Range Data for Robotic Object Detection}},
year = {2008}
}
@inproceedings{Tangelder2004,
author = {Tangelder, J.W.H. and Veltkamp, R.C.},
booktitle = {International Conference on Shape Modeling and Applications 2004 (SMI'04)},
doi = {10.1109/SMI.2004.1314502},
file = {:Users/sergeyk/Dropbox/Application\_Data/Mendeley2/Tangelder, Veltkamp/2004/Tangelder, Veltkamp - 2004 - A survey of content based 3D shape retrieval methods.pdf:pdf},
isbn = {0-7695-2075-8},
pages = {145--388},
publisher = {Ieee},
title = {{A survey of content based 3D shape retrieval methods}},
url = {http://ieeexplore.ieee.org/lpdocs/epic03/wrapper.htm?arnumber=1314502},
year = {2004}
}
@inproceedings{Helmer2010,
author = {Helmer, Scott and Meger, David and Muja, Marius and Little, James J and Lowe, David G},
booktitle = {Asian Computer Vision Conference},
file = {:Users/sergeyk/Dropbox/Application\_Data/Mendeley2/Helmer et al/2010/Helmer et al. - 2010 - Multiple Viewpoint Recognition and Localization.pdf:pdf},
title = {{Multiple Viewpoint Recognition and Localization}},
year = {2010}
}
@inproceedings{Wu2008,
author = {Wu, Changchang and Clipp, Brian and Li, Xiaowei and Frahm, Jan-Michael and Pollefeys, Marc},
booktitle = {CVPR},
doi = {10.1109/CVPR.2008.4587501},
file = {:Users/sergeyk/Dropbox/Application\_Data/Mendeley2/Wu et al/2008/Wu et al. - 2008 - 3D model matching with Viewpoint-Invariant Patches (VIP).pdf:pdf},
isbn = {978-1-4244-2242-5},
keywords = {printed},
mendeley-tags = {printed},
month = jun,
pages = {1--8},
publisher = {Ieee},
title = {{3D model matching with Viewpoint-Invariant Patches (VIP)}},
url = {http://ieeexplore.ieee.org/lpdocs/epic03/wrapper.htm?arnumber=4587501},
year = {2008}
}
@inproceedings{Coates2010,
author = {Coates, Adam and Ng, Andrew Y},
booktitle = {ICRA},
file = {:Users/sergeyk/Dropbox/Application\_Data/Mendeley2/Coates, Ng/2010/Coates, Ng - 2010 - Multi-Camera Object Detection for Robotics.pdf:pdf},
title = {{Multi-Camera Object Detection for Robotics}},
year = {2010}
}
@inproceedings{Quigley2009,
author = {Quigley, Morgan and Batra, Siddharth and Gould, Stephen and Klingbeil, Ellen and Le, Quoc and Wellman, Ashley and Ng, Andrew Y.},
booktitle = {ICRA},
doi = {10.1109/ROBOT.2009.5152750},
file = {:Users/sergeyk/Dropbox/Application\_Data/Mendeley2/Quigley et al/2009/Quigley et al. - 2009 - High-accuracy 3D sensing for mobile manipulation Improving object detection and door opening.pdf:pdf},
isbn = {978-1-4244-2788-8},
keywords = {printed},
mendeley-tags = {printed},
month = may,
pages = {2816--2822},
publisher = {Ieee},
title = {{High-accuracy 3D sensing for mobile manipulation: Improving object detection and door opening}},
url = {http://ieeexplore.ieee.org/lpdocs/epic03/wrapper.htm?arnumber=5152750},
year = {2009}
}
@article{Zhang2004,
author = {Zhang, Zhengyou},
file = {:Users/sergeyk/Dropbox/Application\_Data/Mendeley2/Zhang/2004/Zhang - 2004 - Iterative Point Matching for Registration of Free-Form Curves and Surfaces.pdf:pdf},
journal = {IJCV},
number = {1994},
pages = {119--152},
title = {{Iterative Point Matching for Registration of Free-Form Curves and Surfaces}},
volume = {152},
year = {2004}
}
@inproceedings{Rusu2011,
author = {Rusu, Radu Bogdan and Cousins, Steve},
booktitle = {ICRA},
file = {:Users/sergeyk/Dropbox/Application\_Data/Mendeley2/Rusu, Cousins/2011/Rusu, Cousins - 2011 - 3D is here Point Cloud Library (PCL).pdf:pdf},
title = {{3D is here: Point Cloud Library (PCL)}},
year = {2011}
}
@inproceedings{Fritz2010,
author = {Fritz, Mario and Saenko, Kate and Darrell, Trevor},
booktitle = {NIPS},
file = {:Users/sergeyk/Dropbox/Application\_Data/Mendeley2/Fritz, Saenko, Darrell/2010/Fritz, Saenko, Darrell - 2010 - Size Matters Metric Visual Search Constraints from Monocular Metadata.pdf:pdf},
keywords = {printed},
mendeley-tags = {printed},
pages = {1--9},
title = {{Size Matters : Metric Visual Search Constraints from Monocular Metadata}},
year = {2010}
}
@article{Rusu2009,
author = {Rusu, Radu Bogdan and Blodow, Nico and Beetz, Michael},
doi = {10.1109/ROBOT.2009.5152473},
file = {:Users/sergeyk/Dropbox/Application\_Data/Mendeley2/Rusu, Blodow, Beetz/2009/Rusu, Blodow, Beetz - 2009 - Fast Point Feature Histograms (FPFH) for 3D registration.pdf:pdf},
isbn = {978-1-4244-2788-8},
journal = {2009 IEEE International Conference on Robotics and Automation},
month = may,
pages = {3212--3217},
publisher = {Ieee},
title = {{Fast Point Feature Histograms (FPFH) for 3D registration}},
url = {http://ieeexplore.ieee.org/lpdocs/epic03/wrapper.htm?arnumber=5152473},
year = {2009}
}
@inproceedings{Frome2004,
author = {Frome, Andrea and Huber, Daniel and Kolluri, Ravi and Bulow, Thomas and Malik, Jitendra},
booktitle = {ECCV},
file = {:Users/sergeyk/Dropbox/Application\_Data/Mendeley2/Frome et al/2004/Frome et al. - 2004 - Recognizing Objects in Range Data Using Regional Point Descriptors.pdf:pdf},
keywords = {printed},
mendeley-tags = {printed},
pages = {224--237},
title = {{Recognizing Objects in Range Data Using Regional Point Descriptors}},
year = {2004}
}
@inproceedings{Shotton2011,
author = {Shotton, Jamie and Fitzgbbon, Andrew and Cook, Mat and Sharp, Toby and Finocchio, Mark},
booktitle = {CVPR},
file = {:Users/sergeyk/Dropbox/Application\_Data/Mendeley2/Shotton et al/2011/Shotton et al. - 2011 - Real-Time Human Pose Recognition in Parts from Single Depth Images.pdf:pdf},
keywords = {printed},
mendeley-tags = {printed},
title = {{Real-Time Human Pose Recognition in Parts from Single Depth Images}},
year = {2011}
}
@inproceedings{Lai2011,
author = {Lai, Kevin and Bo, Liefeng and Ren, Xiaofeng and Fox, Dieter},
booktitle = {ICRA},
file = {:Users/sergeyk/Dropbox/Application\_Data/Mendeley2/Lai et al/2011/Lai et al. - 2011 - A Large-Scale Hierarchical Multi-View RGB-D Object Dataset.pdf:pdf},
title = {{A Large-Scale Hierarchical Multi-View RGB-D Object Dataset}},
year = {2011}
}
@article{Besl1992,
author = {Besl, Paul J. and McKay, Neil D.},
file = {:Users/sergeyk/Dropbox/Application\_Data/Mendeley2/Besl, McKay/1992/Besl, McKay - 1992 - A Method for Registration of 3-D Shapes.pdf:pdf},
journal = {PAMI},
number = {2},
pages = {239--256},
title = {{A Method for Registration of 3-D Shapes}},
volume = {14},
year = {1992}
}
@inproceedings{Glover2011,
author = {Glover, Jared},
booktitle = {RSS},
file = {:Users/sergeyk/Dropbox/Application\_Data/Mendeley2/Glover/2011/Glover - 2011 - Monte Carlo Pose Estimation with Quaternion Kernels and the Bingham Distribution.pdf:pdf},
keywords = {printed},
mendeley-tags = {printed},
title = {{Monte Carlo Pose Estimation with Quaternion Kernels and the Bingham Distribution}},
year = {2011}
}
@article{Bimbo2006,
author = {Bimbo, Alberto Del and Pala, Pietro},
doi = {10.1145/1126004.1126006},
file = {:Users/sergeyk/Dropbox/Application\_Data/Mendeley2/Bimbo, Pala/2006/Bimbo, Pala - 2006 - Content-based retrieval of 3D models.pdf:pdf},
issn = {15516857},
journal = {ACM Transactions on Multimedia Computing, Communications, and Applications},
month = feb,
number = {1},
pages = {20--43},
title = {{Content-based retrieval of 3D models}},
url = {http://portal.acm.org/citation.cfm?doid=1126004.1126006},
volume = {2},
year = {2006}
}
@misc{SIPC2011,
title = {{Solutions in Perception Challenge}},
url = {http://solutionsinperception.org/},
year = {2011}
}
